<?xml version="1.0" encoding="UTF-8"?><record xmlns="http://www.loc.gov/MARC21/slim" xmlns:cinclude="http://apache.org/cocoon/include/1.0" xmlns:zs="http://www.loc.gov/zing/srw/">
  <leader>00617cz  a2200157n  4500</leader>
  <controlfield tag="001">n  88038123 </controlfield>
  <controlfield tag="003">DLC</controlfield>
  <controlfield tag="005">20000624065615.0</controlfield>
  <controlfield tag="008">880915n| acannaabn          |a aaa     b</controlfield>
  <datafield tag="010" ind1=" " ind2=" ">
    <subfield code="a">n  88038123 </subfield>
  </datafield>
  <datafield tag="035" ind1=" " ind2=" ">
    <subfield code="a">(OCoLC)oca02361243</subfield>
  </datafield>
  <datafield tag="040" ind1=" " ind2=" ">
    <subfield code="a">DNLM</subfield>
    <subfield code="b">eng</subfield>
    <subfield code="c">DLC</subfield>
    <subfield code="d">OCoLC</subfield>
  </datafield>
  <datafield tag="100" ind1="1" ind2=" ">
    <subfield code="a">Lazarus-Mainka, Gerda</subfield>
  </datafield>
  <datafield tag="400" ind1="1" ind2=" ">
    <subfield code="a">Mainka, Gerda Lazarus-</subfield>
  </datafield>
  <datafield tag="670" ind1=" " ind2=" ">
    <subfield code="a">Oldenburg Symposium on Psychological Acoustics (4th : 1986?). Contributions to psychological acoustics, 1986:</subfield>
    <subfield code="b">t.p. (Gerda Lazarus-Mainka) p. 185 (Psychologisches Institut, Ruhr-UniversitaĚt, Bochum)</subfield>
  </datafield>
  <datafield tag="670" ind1=" " ind2=" ">
    <subfield code="a">LC/NLM data base, 6/1/88</subfield>
    <subfield code="b">(hdg.: Lazarus-Mainka, Gerda)</subfield>
  </datafield>
</record>